
@book{chen_entity-relationship_nodate,
	title = {The entity-relationship model: {Toward} a unified {View} of data},
	url = {https://citeseerx.ist.psu.edu/viewdoc/summary?doi=10.1.1.523.6679},
	author = {Chen, Peter}
}

@book{seppe_vanden_broucke_principles_nodate,
	edition = {1},
	title = {Principles of {Database} {Management}: {The} {Practical} {Guide} to {Storing}, {Managing} and {Analyzing} {Big} and {Small} {Data}},
	isbn = {Cambridge University Press},
	publisher = {Cambridge University Press},
	author = {{Seppe Vanden Broucke} and {Bart Baesens} and {Wilfried LeMahieu}}
}

@book{ramez_elmasri_fundamentos_nodate,
	title = {Fundamentos de {SIstemas} de {Bases} de {Datos}},
	isbn = {84-7829-085-0},
	publisher = {Pearson},
	author = {{Ramez Elmasri}}
}

@book{catherine_m_ricardo_bases_nodate,
	title = {Bases de datos},
	isbn = {978-970-10-7275-2},
	publisher = {McGraw-Hill},
	author = {{Catherine M. Ricardo}}
}

@book{cristina_marta_bender_topicos_nodate,
	edition = {1},
	title = {Tópicos {Avanzados} de {Bases} de {Datos}},
	publisher = {Iniciativa Latinoamericana de Libros de Texto Abiertos},
	author = {{Cristina Marta Bender} and {Claudia Deco} and {Juan Sebastián González Sanabria} and {María Hallo} and {Julio César Ponce Gallegos}}
}

@book{sadalage_nosql_nodate,
	edition = {1},
	title = {Nosql {Distilled}: {A} {Brief} {Guide} to the {Emerging} {World} of {Polyglot} {Persistence}},
	isbn = {978-0-321-82662-6},
	publisher = {Pearson Education},
	author = {Sadalage, Pramod J. and Fowler, Martin}
}

@article{brewer_towards_2000,
	title = {Towards robust distributed systems},
	doi = {10.1145/343477.343502},
	author = {Brewer, Eric},
	month = jan,
	year = {2000}
}

@article{codd_relational_nodate,
	title = {A relational model of data for large shared data banks},
	volume = {13},
	doi = {10.1145/362384.362685},
	journal = {Communications of the ACM},
	author = {Codd, E. F.}
}

@article{chillon_exploring_2017,
	title = {Exploring the {Visualization} of {Schemas} for {Aggregate}-{Oriented} {NoSQL} {Databases}},
	author = {Chillón, Alberto Hernández and Severino, Feliciano Morales and Sevilla, Diego and Molina, Jesús García},
	month = nov,
	year = {2017}
}

@book{coronel_database_nodate,
	edition = {13},
	title = {Database {Systems}: {Design}, {Implementation}, and {Management}},
	isbn = {978-1-337-62790-0},
	publisher = {Cengage},
	author = {Coronel, Carlos and Morris, Steven}
}

@book{noauthor_javascript_nodate,
	title = {{JavaScript}},
	url = {https://developer.mozilla.org/es/docs/Web/JavaScript}
}

@book{noauthor_what_nodate,
	title = {What is {CSS}?},
	url = {https://www.w3.org/standards/webdesign/htmlcss#whatcss}
}

@book{noauthor_html_nodate,
	title = {{HTML}},
	url = {https://developer.mozilla.org/es/docs/Web/HTML}
}

@book{noauthor_que_nodate,
	title = {¿{Qué} es {Vue}.js?},
	url = {https://es.vuejs.org/v2/guide/}
}

@book{lutz_learning_2013,
	edition = {5},
	title = {Learning {Python}},
	isbn = {978-1-4493-5573-9},
	publisher = {O'Really},
	author = {Lutz, Mark},
	month = jun,
	year = {2013}
}

@book{noauthor_flask_nodate,
	title = {Flask web development},
	url = {https://flask.palletsprojects.com/en/1.1.x/}
}

@book{noauthor_http_nodate,
	title = {{HTTP} - {Hypertext} {Transfer} {Protocol}},
	url = {https://www.w3.org/Protocols/}
}

@article{martinez-mosquera_modeling_2020,
	title = {Modeling and {Management} {Big} {Data} in {Databases}—{A} {Systematic} {Literature} {Review}},
	doi = {https://doi.org/10.3390/su12020634},
	journal = {Sustainability},
	author = {Martinez-Mosquera, Diana and Navarrete, Rosa and Lujan-Mora, Sergio},
	year = {2020}
}

@inproceedings{li_transforming_2010,
	title = {Transforming relational database into {HBase}: {A} case study},
	doi = {10.1109/ICSESS.2010.5552465},
	booktitle = {2010 {IEEE} {International} {Conference} on {Software} {Engineering} and {Service} {Sciences}},
	author = {Li, C.},
	month = jul,
	year = {2010},
	keywords = {BigTable, cloud computing, Clouds, data migration, data transformation, distributed databases, distributed system, Electronic mail, HBase, Information services, Internet, nested schema mappings, open source distributed database, public domain software, queries, query processing, relational database, relational databases, Relational databases, schema mapping, Web sites},
	pages = {683--687},
	annote = {ISSN: 2327-0594}
}

@inproceedings{chebotko_big_2015,
	title = {A {Big} {Data} {Modeling} {Methodology} for {Apache} {Cassandra}},
	doi = {10.1109/BigDataCongress.2015.41},
	booktitle = {2015 {IEEE} {International} {Congress} on {Big} {Data}},
	author = {Chebotko, A. and Kashlev, A. and Lu, S.},
	month = jun,
	year = {2015},
	keywords = {distributed databases, Electronic mail, Internet, Apache Cassandra, automation, big data, Big data, Big Data, big data management, Cassandra logical data model, Chebotko Diagrams, CQL, data modeling, data modeling approach, data modeling principle, data modeling process, data modeling tool, data models, Data models, database design, distributed database, Distributed databases, Indexes, KDM, linear scalability, logical data modeling, mapping pattern, mapping rule, online transaction processing, physical data model, query-driven big data modeling methodology, Radiation detectors, seamless multiple data center deployment, transaction processing, visual diagram, Web-scale company, zero downtime},
	pages = {238--245},
	annote = {ISSN: 2379-7703}
}

@article{mior_nose_2017,
	title = {{NoSE}: {Schema} {Design} for {NoSQL} {Applications}},
	volume = {29},
	issn = {2326-3865},
	doi = {10.1109/TKDE.2017.2722412},
	number = {10},
	journal = {IEEE Transactions on Knowledge and Data Engineering},
	author = {Mior, M. J. and Salem, K. and Aboulnaga, A. and Liu, R.},
	month = oct,
	year = {2017},
	keywords = {relational databases, Relational databases, Data models, database design, application designers, binary integer programming formulation, conceptual data model, Decision making, expert designers, integer programming, Nose, NoSE, NoSQL, NoSQL database, NoSQL Schema Evaluator, physical design, Physical design, Schema design, schema optimization, Tools, workload modeling},
	pages = {2275--2289}
}

@misc{noauthor_what_nodate-1,
	title = {What is {NuxtJS}?},
	url = {https://nuxtjs.org/guide}
}

@misc{noauthor_introduction_nodate,
	title = {Introduction {Material} {Design}},
	url = {https://material.io/design/introduction#goals}
}

@misc{noauthor_gojs_nodate,
	title = {{GoJs}},
	url = {https://gojs.net/latest/index.html}
}

@misc{noauthor_documentation_nodate,
	title = {Documentation {Sass}},
	url = {https://sass-lang.com/documentation}
}

@misc{noauthor_stack_nodate,
	title = {stack overflow - {Developer} {Survey} {Results} 2019 - {Most} {Popular} {Technologies}},
	url = {https://insights.stackoverflow.com/survey/2019#most-popular-technologies}
}

@book{typescript_publishing_typescript_2019,
	edition = {1},
	title = {{TypeScript} {Programming} {Language}},
	isbn = {1-70883-980-1},
	publisher = {Independently published},
	author = {TypeScript Publishing},
	month = nov,
	year = {2019}
}

@misc{noauthor_vuetify_nodate,
	title = {Vuetify {Component} {API} {Overview}},
	url = {https://vuetifyjs.com/en/components/api-explorer/}
}

@misc{noauthor_documentation_nodate-1,
	title = {Documentation {Bootstrap}},
	url = {https://getbootstrap.com/docs/4.5/getting-started/introduction/}
}

@book{wikipedia_contributors_style_2020,
	title = {Style sheet language — {Wikipedia}, {The} {Free} {Encyclopedia}},
	url = {https://en.wikipedia.org/w/index.php?title=Style_sheet_language&oldid=937209434},
	author = {{Wikipedia contributors}},
	year = {2020},
	annote = {[Online; accessed 15-May-2020]}
}

@book{wikipedia_contributors_web_2020,
	title = {Web framework — {Wikipedia}, {The} {Free} {Encyclopedia}},
	url = {https://en.wikipedia.org/w/index.php?title=Web_framework&oldid=956641850},
	author = {{Wikipedia contributors}},
	year = {2020},
	annote = {[Online; accessed 15-May-2020]}
}

@book{wikipedia_contributors_css_2020,
	title = {{CSS} framework — {Wikipedia}, {The} {Free} {Encyclopedia}},
	url = {https://en.wikipedia.org/w/index.php?title=CSS_framework&oldid=952876853},
	author = {{Wikipedia contributors}},
	year = {2020},
	annote = {[Online; accessed 16-May-2020]}
}

@book{wikipedia_react_2020,
	title = {React — {Wikipedia}, {La} enciclopedia libre},
	url = {https://es.wikipedia.org/w/index.php?title=React&oldid=125579300},
	author = {{Wikipedia}},
	year = {2020},
	annote = {[Internet; descargado 16-mayo-2020]}
}

@book{wikipedia_angular_2020,
	title = {Angular (framework) — {Wikipedia}, {La} enciclopedia libre},
	url = {https://es.wikipedia.org/w/index.php?title=Angular_(framework)&oldid=122940933},
	author = {{Wikipedia}},
	year = {2020},
	annote = {[Internet; descargado 16-mayo-2020]}
}

@misc{noauthor_most_nodate,
	title = {Most {Loved}, {Dreaded}, and {Wanted} {Web} {Frameworks} - stack overflow},
	url = {https://insights.stackoverflow.com/survey/2019#technology-_-most-loved-dreaded-and-wanted-web-frameworks}
}

@book{wikipedia_mongodb_2020,
	title = {{MongoDB} — {Wikipedia}, {La} enciclopedia libre},
	url = {https://es.wikipedia.org/w/index.php?title=MongoDB&oldid=125700084},
	author = {{Wikipedia}},
	year = {2020},
	annote = {[Internet; descargado 16-mayo-2020]}
}

@book{wikipedia_couchdb_2020,
	title = {{CouchDB} — {Wikipedia}, {La} enciclopedia libre},
	url = {https://es.wikipedia.org/w/index.php?title=CouchDB&oldid=125555652},
	author = {{Wikipedia}},
	year = {2020},
	annote = {[Internet; descargado 16-mayo-2020]}
}

@misc{noauthor_fabric_2020,
	title = {Fabric {Documentation}},
	url = {http://fabricjs.com/fabric-intro-part-1},
	year = {2020}
}

@book{wikipedia_contributors_d3js_2020,
	title = {D3.js — {Wikipedia}, {The} {Free} {Encyclopedia}},
	url = {https://en.wikipedia.org/w/index.php?title=D3.js&oldid=956132961},
	author = {{Wikipedia contributors}},
	year = {2020},
	annote = {[Online; accessed 16-May-2020]}
}

@book{wikipedia_django_2020,
	title = {Django (framework) — {Wikipedia}, {La} enciclopedia libre},
	url = {https://es.wikipedia.org/w/index.php?title=Django_(framework)&oldid=125055379},
	author = {{Wikipedia}},
	year = {2020},
	annote = {[Internet; descargado 16-mayo-2020]}
}

@article{de_la_vega_mortadelo_2020,
	title = {Mortadelo: {Automatic} generation of {NoSQL} stores from platform-independent data models},
	volume = {105},
	journal = {Future Generation Computer Systems},
	author = {de la Vega, Alfonso and García-Saiz, Diego and Blanco, Carlos and Zorrilla, Marta and Sánchez, Pablo},
	year = {2020},
	note = {Publisher: Elsevier},
	pages = {455--474}
}

@misc{datafluent_kashliev_2020,
	title = {Kashliev {Data} {Modeler}},
	url = {https://www.datafluent.org/},
	author = {datafluent},
	year = {2020}
}

@misc{amazon_nosql_2020,
	title = {{NoSQL} {Workbench} for {Amazon} {DynamoDB}},
	url = {https://docs.aws.amazon.com/amazondynamodb/latest/developerguide/workbench.html},
	author = {Amazon},
	year = {2020}
}

@misc{hackolade_hackolade_2020,
	title = {{HacKolade}},
	url = {https://hackolade.com/},
	author = {HacKolade},
	year = {2020}
}

@misc{google_google_2020,
	title = {Google {Trends} - {NoSQL}},
	url = {https://trends.google.es/trends/explore?date=all&q=NoSQL},
	author = {Google},
	year = {2020}
}

@misc{the_scrum_guide_definitive_2020,
	title = {The {Definitive} {Guide} to {Scrum}: {The} {Rules} of the {Game}},
	url = {https://www.scrumguides.org/docs/scrumguide/v2017/2017-Scrum-Guide-US.pdf#zoom=100},
	author = {The Scrum Guide},
	year = {2020}
}

@misc{universidad_catolica_los_angeles_metodologidesarrollo_2020,
	title = {Metodología de desarrollo de software},
	url = {https://www.uladech.edu.pe/images/stories/universidad/documentos/2018/metodologia-desarrollo-software-v001.pdf},
	author = {Universidad Católica los Ángeles},
	year = {2020}
}

@misc{scrum_mexico_scrum_2020,
	title = {{SCRUM} {México} - {Escribiendo} {Historias} de {Usuario}},
	url = {https://www.scrum.mx/informate/historias-de-usuario},
	author = {SCRUM México},
	year = {2020}
}

@misc{manuel_trigas_gallego_metodologiscrum_2020,
	title = {Metodología {SCRUM}},
	url = {http://openaccess.uoc.edu/webapps/o2/bitstream/10609/17885/1/mtrigasTFC0612memoria.pdf},
	author = {Manuel Trigas Gallego},
	year = {2020}
}

@inproceedings{de_lima_workload-driven_2015,
	title = {A workload-driven logical design approach for {NoSQL} document databases},
	booktitle = {Proceedings of the 17th {International} {Conference} on {Information} {Integration} and {Web}-based {Applications} \& {Services}},
	author = {de Lima, Claudio and dos Santos Mello, Ronaldo},
	year = {2015},
	pages = {1--10}
}

@article{mior_nose_2017-1,
	title = {{NoSE}: {Schema} design for {NoSQL} applications},
	volume = {29},
	number = {10},
	journal = {IEEE Transactions on Knowledge and Data Engineering},
	author = {Mior, Michael Joseph and Salem, Kenneth and Aboulnaga, Ashraf and Liu, Rui},
	year = {2017},
	note = {Publisher: IEEE},
	pages = {2275--2289}
}

@book{wikipedia_diagrama_2020,
	title = {Diagrama de clases — {Wikipedia}, {La} enciclopedia libre},
	url = {https://es.wikipedia.org/w/index.php?title=Diagrama_de_clases&oldid=126211624},
	author = {{Wikipedia}},
	year = {2020},
	annote = {[Internet; descargado 21-mayo-2020]}
}

@book{pressman_software_2005,
	title = {Software engineering: a practitioner's approach},
	publisher = {Palgrave macmillan},
	author = {Pressman, Roger S},
	year = {2005}
}

@book{abran_applied_2006,
	title = {Applied {Software} {Measurement}: {Proceedings} of the {International} {Workshop} on {Software} {Metrics} and {DASMA} {Software} {Metrik} {Kongress}},
	publisher = {Shaker},
	author = {Abran, Alain},
	year = {2006}
}

@misc{pedro_galvan_estudio_2020,
	title = {Estudio de salarios {SG} 2020},
	url = {https://sg.com.mx/estudios/salarios/2020},
	author = {Pedro Galván},
	year = {2020}
}

@article{dullea_analysis_2003,
	title = {An analysis of structural validity in entity-relationship modeling},
	volume = {47},
	number = {2},
	journal = {Data \& Knowledge Engineering},
	author = {Dullea, James and Song, Il-Yeol and Lamprou, Ioanna},
	year = {2003},
	note = {Publisher: Elsevier},
	pages = {167--205}
}

@book{lie_cascading_2005,
	title = {Cascading style sheets: {Designing} for the web, {Portable} {Documents}},
	publisher = {Addison-Wesley Professional},
	author = {Lie, Hakon Wium and Bos, Bert},
	year = {2005}
}

@misc{wired_wired_2020,
	title = {Wired - {Get} {Started} with {Web} {Frameworks}},
	url = {https://www.wired.com/2010/02/get_started_with_web_frameworks/},
	author = {Wired},
	year = {2020}
}

@misc{react_react_2020,
	title = {React - {A} {JavaScript} library for building user interfaces},
	url = {https://reactjs.org/},
	author = {React},
	year = {2020}
}

@misc{angular_angular_2020,
	title = {Angular - {One} framework, mobile \& desktop},
	url = {https://angular.io/},
	author = {Angular},
	year = {2020}
}

@misc{mysql_mysql_2020,
	title = {{MySQL} - {MySQL} {Documentation}},
	url = {https://dev.mysql.com/doc/},
	author = {MySQL},
	year = {2020}
}

@misc{mongodb_mongodb_2020,
	title = {{MongoDB} - {MongoDB} {Documentation}},
	url = {https://docs.mongodb.com/manual/},
	author = {MongoDB},
	year = {2020}
}

@misc{d3_d3js_2020,
	title = {D3.js - {D3}.js {Documentation}},
	url = {https://github.com/d3/d3/wiki},
	author = {D3},
	year = {2020}
}

@misc{pallets_projects_flask_2020,
	title = {Flask - {Flask} web development, one drop at a time.},
	url = {https://flask.palletsprojects.com/en/1.1.x/},
	author = {Pallets Projects},
	year = {2020}
}

@misc{django_project_django_2020,
	title = {Django - {Django} documentation},
	url = {https://docs.djangoproject.com/en/3.0/},
	author = {Django Project},
	year = {2020}
}

@article{sommerville_software_2011,
	title = {Software engineering 9th {Edition}},
	volume = {137035152},
	journal = {ISBN-10},
	author = {Sommerville, Ian},
	year = {2011}
}

@book{stallings_operating_2012,
	title = {Operating systems: internals and design principles},
	publisher = {Boston: Prentice Hall,},
	author = {Stallings, William},
	year = {2012}
}

@article{aaby_introduction_1996,
	title = {Introduction to programming languages},
	journal = {Computer Science Department, Walla Walla College. http://www. worldcolleges. info/sites/default/files/aaby. pdf},
	author = {Aaby, Anthony A},
	year = {1996}
}

@book{connolly_database_2005,
	title = {Database systems: a practical approach to design, implementation, and management},
	publisher = {Pearson Education},
	author = {Connolly, Thomas M and Begg, Carolyn E},
	year = {2005}
}

@book{joy_java_2000,
	title = {The {Java} language specification},
	publisher = {Addison-Wesley Reading},
	author = {Joy, Bill and Steele, Guy and Gosling, James and Bracha, Gilad},
	year = {2000}
}

@inproceedings{van_rossum_python_2007,
	title = {Python {Programming} {Language}.},
	volume = {41},
	booktitle = {{USENIX} annual technical conference},
	author = {Van Rossum, Guido and {others}},
	year = {2007},
	pages = {36}
}

@book{hejlsberg_c_2003,
	title = {C\# language specification},
	publisher = {Addison-Wesley Longman Publishing Co., Inc.},
	author = {Hejlsberg, Anders and Wiltamuth, Scott and Golde, Peter},
	year = {2003}
}

@book{flanagan_ruby_2008,
	title = {The {Ruby} {Programming} {Language}: {Everything} {You} {Need} to {Know}},
	publisher = {" O'Reilly Media, Inc."},
	author = {Flanagan, David and Matsumoto, Yukihiro},
	year = {2008}
}

@incollection{wilson_about_2015,
	title = {About {Windows}},
	booktitle = {Everyday {Computing} with {Windows} 8.1},
	publisher = {Springer},
	author = {Wilson, Kevin},
	year = {2015},
	pages = {1--4}
}

@book{love_linux_2010,
	title = {Linux kernel development},
	publisher = {Pearson Education},
	author = {Love, Robert},
	year = {2010}
}

@book{dubois_mysql_1999,
	title = {{MySQL}},
	publisher = {New riders publishing},
	author = {DuBois, Paul and Foreword By-Widenius, Michael},
	year = {1999}
}

@book{banker_mongodb_2011,
	title = {{MongoDB} in action},
	publisher = {Manning Publications Co.},
	author = {Banker, Kyle},
	year = {2011}
}

@article{cadavid_revision_2013,
	title = {Revisión de metodologías ágiles para el desarrollo de software},
	volume = {11},
	number = {2},
	journal = {Prospectiva},
	author = {Cadavid, Andrés Navarro and Martínez, Juan Daniel Fernández and Vélez, Jonathan Morales},
	year = {2013},
	note = {Publisher: Universidad Autónoma del Caribe},
	pages = {30--39}
}

@book{cormen_introduction_2009,
	title = {Introduction to algorithms},
	publisher = {MIT press},
	author = {Cormen, Thomas H and Leiserson, Charles E and Rivest, Ronald L and Stein, Clifford},
	year = {2009}
}

@book{fowler_brief_2003,
	title = {A brief guide to the {Standard} {Object} {Modeling} {Language}},
	publisher = {Addison-Wesley Longman Publishing Co., Inc., Boston, MA},
	author = {Fowler, Martin and Distilled, UML},
	year = {2003}
}

@misc{netlify_netlify_nodate,
	title = {Netlify - {Netlify} {Security}},
	url = {https://www.netlify.com/security/},
	author = {Netlify}
}

@misc{heroku_heroku_2020,
	title = {Heroku - {Heroku} {Security}},
	url = {https://www.heroku.com/policy/security},
	author = {Heroku},
	year = {2020}
}

@misc{jwt_web_2020,
	title = {Web {Tokens}},
	url = {https://jwt.io/introduction/},
	author = {JWT},
	year = {2020}
}

@book{chen_entity-relationship_nodate-1,
	title = {The entity-relationship model: {Toward} a unified {View} of data},
	url = {https://citeseerx.ist.psu.edu/viewdoc/summary?doi=10.1.1.523.6679},
	author = {Chen, Peter}
}

@book{seppe_vanden_broucke_principles_nodate-1,
	edition = {1},
	title = {Principles of {Database} {Management}: {The} {Practical} {Guide} to {Storing}, {Managing} and {Analyzing} {Big} and {Small} {Data}},
	isbn = {Cambridge University Press},
	publisher = {Cambridge University Press},
	author = {{Seppe Vanden Broucke} and {Bart Baesens} and {Wilfried LeMahieu}}
}

@book{ramez_elmasri_fundamentos_nodate-1,
	title = {Fundamentos de {SIstemas} de {Bases} de {Datos}},
	isbn = {84-7829-085-0},
	publisher = {Pearson},
	author = {{Ramez Elmasri}}
}

@book{catherine_m_ricardo_bases_nodate-1,
	title = {Bases de datos},
	isbn = {978-970-10-7275-2},
	publisher = {McGraw-Hill},
	author = {{Catherine M. Ricardo}}
}

@book{cristina_marta_bender_topicos_nodate-1,
	edition = {1},
	title = {Tópicos {Avanzados} de {Bases} de {Datos}},
	publisher = {Iniciativa Latinoamericana de Libros de Texto Abiertos},
	author = {{Cristina Marta Bender} and {Claudia Deco} and {Juan Sebastián González Sanabria} and {María Hallo} and {Julio César Ponce Gallegos}}
}

@book{sadalage_nosql_nodate-1,
	edition = {1},
	title = {Nosql {Distilled}: {A} {Brief} {Guide} to the {Emerging} {World} of {Polyglot} {Persistence}},
	isbn = {978-0-321-82662-6},
	publisher = {Pearson Education},
	author = {Sadalage, Pramod J. and Fowler, Martin}
}

@article{brewer_towards_2000-1,
	title = {Towards robust distributed systems},
	doi = {10.1145/343477.343502},
	author = {Brewer, Eric},
	month = jan,
	year = {2000}
}

@article{codd_relational_nodate-1,
	title = {A relational model of data for large shared data banks},
	volume = {13},
	doi = {10.1145/362384.362685},
	journal = {Communications of the ACM},
	author = {Codd, E. F.}
}

@article{chillon_exploring_2017-1,
	title = {Exploring the {Visualization} of {Schemas} for {Aggregate}-{Oriented} {NoSQL} {Databases}},
	author = {Chillón, Alberto Hernández and Severino, Feliciano Morales and Sevilla, Diego and Molina, Jesús García},
	month = nov,
	year = {2017}
}

@article{pop_designing_2014,
	title = {Designing an {MVC} model for rapid web application development},
	volume = {69},
	journal = {Procedia Engineering},
	author = {Pop, Dragos-Paul and Altar, Adam},
	year = {2014},
	note = {Publisher: Elsevier},
	pages = {1172--1179}
}

@article{pope_cookbook_1988,
	title = {A cookbook for using the model-view-controller user interface paradigm in {Smalltalk}-80},
	volume = {1},
	journal = {Journal of Object-Oriented Programming},
	author = {Pope, Krasner GEST and Krasner, S},
	year = {1988}
}

@book{coronel_database_nodate-1,
	edition = {13},
	title = {Database {Systems}: {Design}, {Implementation}, and {Management}},
	isbn = {978-1-337-62790-0},
	publisher = {Cengage},
	author = {Coronel, Carlos and Morris, Steven}
}

@book{noauthor_javascript_nodate-1,
	title = {{JavaScript}},
	url = {https://developer.mozilla.org/es/docs/Web/JavaScript}
}

@book{noauthor_what_nodate-2,
	title = {What is {CSS}?},
	url = {https://www.w3.org/standards/webdesign/htmlcss#whatcss}
}

@book{noauthor_html_nodate-1,
	title = {{HTML}},
	url = {https://developer.mozilla.org/es/docs/Web/HTML}
}

@book{noauthor_que_nodate-1,
	title = {¿{Qué} es {Vue}.js?},
	url = {https://es.vuejs.org/v2/guide/}
}

@book{lutz_learning_2013-1,
	edition = {5},
	title = {Learning {Python}},
	isbn = {978-1-4493-5573-9},
	publisher = {O'Really},
	author = {Lutz, Mark},
	month = jun,
	year = {2013}
}

@book{noauthor_flask_nodate-1,
	title = {Flask web development},
	url = {https://flask.palletsprojects.com/en/1.1.x/}
}

@book{noauthor_http_nodate-1,
	title = {{HTTP} - {Hypertext} {Transfer} {Protocol}},
	url = {https://www.w3.org/Protocols/}
}

@article{martinez-mosquera_modeling_2020-1,
	title = {Modeling and {Management} {Big} {Data} in {Databases}—{A} {Systematic} {Literature} {Review}},
	doi = {https://doi.org/10.3390/su12020634},
	journal = {Sustainability},
	author = {Martinez-Mosquera, Diana and Navarrete, Rosa and Lujan-Mora, Sergio},
	year = {2020}
}

@inproceedings{li_transforming_2010-1,
	title = {Transforming relational database into {HBase}: {A} case study},
	doi = {10.1109/ICSESS.2010.5552465},
	booktitle = {2010 {IEEE} {International} {Conference} on {Software} {Engineering} and {Service} {Sciences}},
	author = {Li, C.},
	month = jul,
	year = {2010},
	keywords = {BigTable, cloud computing, Clouds, data migration, data transformation, distributed databases, distributed system, Electronic mail, HBase, Information services, Internet, nested schema mappings, open source distributed database, public domain software, queries, query processing, relational database, relational databases, Relational databases, schema mapping, Web sites},
	pages = {683--687},
	annote = {ISSN: 2327-0594}
}

@inproceedings{chebotko_big_2015-1,
	title = {A {Big} {Data} {Modeling} {Methodology} for {Apache} {Cassandra}},
	doi = {10.1109/BigDataCongress.2015.41},
	booktitle = {2015 {IEEE} {International} {Congress} on {Big} {Data}},
	author = {Chebotko, A. and Kashlev, A. and Lu, S.},
	month = jun,
	year = {2015},
	keywords = {distributed databases, Electronic mail, Internet, Apache Cassandra, automation, big data, Big data, Big Data, big data management, Cassandra logical data model, Chebotko Diagrams, CQL, data modeling, data modeling approach, data modeling principle, data modeling process, data modeling tool, data models, Data models, database design, distributed database, Distributed databases, Indexes, KDM, linear scalability, logical data modeling, mapping pattern, mapping rule, online transaction processing, physical data model, query-driven big data modeling methodology, Radiation detectors, seamless multiple data center deployment, transaction processing, visual diagram, Web-scale company, zero downtime},
	pages = {238--245},
	annote = {ISSN: 2379-7703}
}

@article{mior_nose_2017-2,
	title = {{NoSE}: {Schema} {Design} for {NoSQL} {Applications}},
	volume = {29},
	issn = {2326-3865},
	doi = {10.1109/TKDE.2017.2722412},
	number = {10},
	journal = {IEEE Transactions on Knowledge and Data Engineering},
	author = {Mior, M. J. and Salem, K. and Aboulnaga, A. and Liu, R.},
	month = oct,
	year = {2017},
	keywords = {relational databases, Relational databases, Data models, database design, application designers, binary integer programming formulation, conceptual data model, Decision making, expert designers, integer programming, Nose, NoSE, NoSQL, NoSQL database, NoSQL Schema Evaluator, physical design, Physical design, Schema design, schema optimization, Tools, workload modeling},
	pages = {2275--2289}
}

@book{noauthor_what_nodate-3,
	title = {What is {NuxtJS}?},
	url = {https://nuxtjs.org/guide}
}

@book{noauthor_introduction_nodate-1,
	title = {Introduction {Material} {Design}},
	url = {https://material.io/design/introduction#goals}
}

@book{noauthor_gojs_nodate-1,
	title = {{GoJs}},
	url = {https://gojs.net/latest/index.html}
}

@book{noauthor_documentation_nodate-2,
	title = {Documentation {Sass}},
	url = {https://sass-lang.com/documentation}
}

@book{noauthor_stack_nodate-1,
	title = {stack overflow - {Developer} {Survey} {Results} 2019 - {Most} {Popular} {Technologies}},
	url = {https://insights.stackoverflow.com/survey/2019#most-popular-technologies}
}

@book{publishing_typescript_2019,
	edition = {1},
	title = {{TypeScript} {Programming} {Language}},
	isbn = {1-70883-980-1},
	publisher = {Independently published},
	author = {Publishing, TypeScript},
	month = nov,
	year = {2019}
}

@book{noauthor_vuetify_nodate-1,
	title = {Vuetify {Component} {API} {Overview}},
	url = {https://vuetifyjs.com/en/components/api-explorer/}
}

@book{noauthor_documentation_nodate-3,
	title = {Documentation {Bootstrap}},
	url = {https://getbootstrap.com/docs/4.5/getting-started/introduction/}
}

@book{wikipedia_contributors_style_2020-1,
	title = {Style sheet language — {Wikipedia}, {The} {Free} {Encyclopedia}},
	url = {https://en.wikipedia.org/w/index.php?title=Style_sheet_language&oldid=937209434},
	author = {{Wikipedia contributors}},
	year = {2020},
	annote = {[Online; accessed 15-May-2020]}
}

@book{wikipedia_contributors_web_2020-1,
	title = {Web framework — {Wikipedia}, {The} {Free} {Encyclopedia}},
	url = {https://en.wikipedia.org/w/index.php?title=Web_framework&oldid=956641850},
	author = {{Wikipedia contributors}},
	year = {2020},
	annote = {[Online; accessed 15-May-2020]}
}

@book{wikipedia_contributors_css_2020-1,
	title = {{CSS} framework — {Wikipedia}, {The} {Free} {Encyclopedia}},
	url = {https://en.wikipedia.org/w/index.php?title=CSS_framework&oldid=952876853},
	author = {{Wikipedia contributors}},
	year = {2020},
	annote = {[Online; accessed 16-May-2020]}
}

@book{wikipedia_react_2020-1,
	title = {React — {Wikipedia}, {La} enciclopedia libre},
	url = {https://es.wikipedia.org/w/index.php?title=React&oldid=125579300},
	author = {{Wikipedia}},
	year = {2020},
	annote = {[Internet; descargado 16-mayo-2020]}
}

@book{wikipedia_angular_2020-1,
	title = {Angular (framework) — {Wikipedia}, {La} enciclopedia libre},
	url = {https://es.wikipedia.org/w/index.php?title=Angular_(framework)&oldid=122940933},
	author = {{Wikipedia}},
	year = {2020},
	annote = {[Internet; descargado 16-mayo-2020]}
}

@book{noauthor_most_nodate-1,
	title = {Most {Loved}, {Dreaded}, and {Wanted} {Web} {Frameworks} - stack overflow},
	url = {https://insights.stackoverflow.com/survey/2019#technology-_-most-loved-dreaded-and-wanted-web-frameworks}
}

@book{wikipedia_mongodb_2020-1,
	title = {{MongoDB} — {Wikipedia}, {La} enciclopedia libre},
	url = {https://es.wikipedia.org/w/index.php?title=MongoDB&oldid=125700084},
	author = {{Wikipedia}},
	year = {2020},
	annote = {[Internet; descargado 16-mayo-2020]}
}

@book{wikipedia_couchdb_2020-1,
	title = {{CouchDB} — {Wikipedia}, {La} enciclopedia libre},
	url = {https://es.wikipedia.org/w/index.php?title=CouchDB&oldid=125555652},
	author = {{Wikipedia}},
	year = {2020},
	annote = {[Internet; descargado 16-mayo-2020]}
}

@book{noauthor_fabric_2020-1,
	title = {Fabric {Documentation}},
	url = {http://fabricjs.com/fabric-intro-part-1},
	year = {2020}
}

@book{wikipedia_contributors_d3js_2020-1,
	title = {D3.js — {Wikipedia}, {The} {Free} {Encyclopedia}},
	url = {https://en.wikipedia.org/w/index.php?title=D3.js&oldid=956132961},
	author = {{Wikipedia contributors}},
	year = {2020},
	annote = {[Online; accessed 16-May-2020]}
}

@book{wikipedia_django_2020-1,
	title = {Django (framework) — {Wikipedia}, {La} enciclopedia libre},
	url = {https://es.wikipedia.org/w/index.php?title=Django_(framework)&oldid=125055379},
	author = {{Wikipedia}},
	year = {2020},
	annote = {[Internet; descargado 16-mayo-2020]}
}

@article{de_la_vega_mortadelo_2020-1,
	title = {Mortadelo: {Automatic} generation of {NoSQL} stores from platform-independent data models},
	volume = {105},
	journal = {Future Generation Computer Systems},
	author = {de la Vega, Alfonso and García-Saiz, Diego and Blanco, Carlos and Zorrilla, Marta and Sánchez, Pablo},
	year = {2020},
	pages = {455--474},
	annote = {Publisher: Elsevier}
}

@book{datafluent_kashliev_2020-1,
	title = {Kashliev {Data} {Modeler}},
	url = {https://www.datafluent.org/},
	author = {{datafluent}},
	year = {2020}
}

@book{amazon_nosql_2020-1,
	title = {{NoSQL} {Workbench} for {Amazon} {DynamoDB}},
	url = {https://docs.aws.amazon.com/amazondynamodb/latest/developerguide/workbench.html},
	author = {{Amazon}},
	year = {2020}
}

@book{hackolade_hackolade_2020-1,
	title = {{HacKolade}},
	url = {https://hackolade.com/},
	author = {{HacKolade}},
	year = {2020}
}

@book{google_google_2020-1,
	title = {Google {Trends} - {NoSQL}},
	url = {https://trends.google.es/trends/explore?date=all&q=NoSQL},
	author = {{Google}},
	year = {2020}
}

@book{guide_definitive_2020,
	title = {The {Definitive} {Guide} to {Scrum}: {The} {Rules} of the {Game}},
	url = {https://www.scrumguides.org/docs/scrumguide/v2017/2017-Scrum-Guide-US.pdf#zoom=100},
	author = {Guide, The Scrum},
	year = {2020}
}

@book{angeles_metodologidesarrollo_2020,
	title = {Metodología de desarrollo de software},
	url = {https://www.uladech.edu.pe/images/stories/universidad/documentos/2018/metodologia-desarrollo-software-v001.pdf},
	author = {Ángeles, Universidad Católica los},
	year = {2020}
}

@book{mexico_scrum_2020,
	title = {{SCRUM} {México} - {Escribiendo} {Historias} de {Usuario}},
	url = {https://www.scrum.mx/informate/historias-de-usuario},
	author = {México, SCRUM},
	year = {2020}
}

@book{gallego_metodologiscrum_2020,
	title = {Metodología {SCRUM}},
	url = {http://openaccess.uoc.edu/webapps/o2/bitstream/10609/17885/1/mtrigasTFC0612memoria.pdf},
	author = {Gallego, Manuel Trigas},
	year = {2020}
}

@inproceedings{de_lima_workload-driven_2015-1,
	title = {A workload-driven logical design approach for {NoSQL} document databases},
	booktitle = {Proceedings of the 17th {International} {Conference} on {Information} {Integration} and {Web}-based {Applications} \& {Services}},
	author = {de Lima, Claudio and dos Santos Mello, Ronaldo},
	year = {2015},
	pages = {1--10}
}

@article{mior_nose_2017-3,
	title = {{NoSE}: {Schema} design for {NoSQL} applications},
	volume = {29},
	number = {10},
	journal = {IEEE Transactions on Knowledge and Data Engineering},
	author = {Mior, Michael Joseph and Salem, Kenneth and Aboulnaga, Ashraf and Liu, Rui},
	year = {2017},
	pages = {2275--2289},
	annote = {Publisher: IEEE}
}

@book{wikipedia_diagrama_2020-1,
	title = {Diagrama de clases — {Wikipedia}, {La} enciclopedia libre},
	url = {https://es.wikipedia.org/w/index.php?title=Diagrama_de_clases&oldid=126211624},
	author = {{Wikipedia}},
	year = {2020},
	annote = {[Internet; descargado 21-mayo-2020]}
}

@book{pressman_software_2005-1,
	title = {Software engineering: a practitioner's approach},
	publisher = {Palgrave macmillan},
	author = {Pressman, Roger S},
	year = {2005}
}

@book{abran_applied_2006-1,
	title = {Applied {Software} {Measurement}: {Proceedings} of the {International} {Workshop} on {Software} {Metrics} and {DASMA} {Software} {Metrik} {Kongress}},
	publisher = {Shaker},
	author = {Abran, Alain},
	year = {2006}
}

@book{galvan_estudio_2020,
	title = {Estudio de salarios {SG} 2020},
	url = {https://sg.com.mx/estudios/salarios/2020},
	author = {Galván, Pedro},
	year = {2020}
}

@article{dullea_analysis_2003-1,
	title = {An analysis of structural validity in entity-relationship modeling},
	volume = {47},
	number = {2},
	journal = {Data \& Knowledge Engineering},
	author = {Dullea, James and Song, Il-Yeol and Lamprou, Ioanna},
	year = {2003},
	pages = {167--205},
	annote = {Publisher: Elsevier}
}

@book{lie_cascading_2005-1,
	title = {Cascading style sheets: {Designing} for the web, {Portable} {Documents}},
	publisher = {Addison-Wesley Professional},
	author = {Lie, Hakon Wium and Bos, Bert},
	year = {2005}
}

@book{wired_wired_2020-1,
	title = {Wired - {Get} {Started} with {Web} {Frameworks}},
	url = {https://www.wired.com/2010/02/get_started_with_web_frameworks/},
	author = {{Wired}},
	year = {2020}
}

@book{react_react_2020-1,
	title = {React - {A} {JavaScript} library for building user interfaces},
	url = {https://reactjs.org/},
	author = {{React}},
	year = {2020}
}

@book{angular_angular_2020-1,
	title = {Angular - {One} framework, mobile \& desktop},
	url = {https://angular.io/},
	author = {{Angular}},
	year = {2020}
}

@book{mysql_mysql_2020-1,
	title = {{MySQL} - {MySQL} {Documentation}},
	url = {https://dev.mysql.com/doc/},
	author = {{MySQL}},
	year = {2020}
}

@book{mongodb_mongodb_2020-1,
	title = {{MongoDB} - {MongoDB} {Documentation}},
	url = {https://docs.mongodb.com/manual/},
	author = {{MongoDB}},
	year = {2020}
}

@book{d3_d3js_2020-1,
	title = {D3.js - {D3}.js {Documentation}},
	url = {https://github.com/d3/d3/wiki},
	author = {{D3}},
	year = {2020}
}

@book{projects_flask_2020,
	title = {Flask - {Flask} web development, one drop at a time.},
	url = {https://flask.palletsprojects.com/en/1.1.x/},
	author = {Projects, Pallets},
	year = {2020}
}

@book{project_django_2020,
	title = {Django - {Django} documentation},
	url = {https://docs.djangoproject.com/en/3.0/},
	author = {Project, Django},
	year = {2020}
}

@article{sommerville_software_2011-1,
	title = {Software engineering 9th {Edition}},
	volume = {137035152},
	journal = {ISBN-10},
	author = {Sommerville, Ian},
	year = {2011}
}

@book{stallings_operating_2012-1,
	title = {Operating systems: internals and design principles},
	publisher = {Boston: Prentice Hall,},
	author = {Stallings, William},
	year = {2012}
}

@article{aaby_introduction_1996-1,
	title = {Introduction to programming languages},
	journal = {Computer Science Department, Walla Walla College. http://www. worldcolleges. info/sites/default/files/aaby. pdf},
	author = {Aaby, Anthony A},
	year = {1996}
}

@book{connolly_database_2005-1,
	title = {Database systems: a practical approach to design, implementation, and management},
	publisher = {Pearson Education},
	author = {Connolly, Thomas M and Begg, Carolyn E},
	year = {2005}
}

@book{joy_java_2000-1,
	title = {The {Java} language specification},
	publisher = {Addison-Wesley Reading},
	author = {Joy, Bill and Steele, Guy and Gosling, James and Bracha, Gilad},
	year = {2000}
}

@inproceedings{van_rossum_python_2007-1,
	title = {Python {Programming} {Language}.},
	volume = {41},
	booktitle = {{USENIX} annual technical conference},
	author = {Van Rossum, Guido and {others}},
	year = {2007},
	pages = {36}
}

@book{hejlsberg_c_2003-1,
	title = {C\# language specification},
	publisher = {Addison-Wesley Longman Publishing Co., Inc.},
	author = {Hejlsberg, Anders and Wiltamuth, Scott and Golde, Peter},
	year = {2003}
}

@book{flanagan_ruby_2008-1,
	title = {The {Ruby} {Programming} {Language}: {Everything} {You} {Need} to {Know}},
	publisher = {" O'Reilly Media, Inc."},
	author = {Flanagan, David and Matsumoto, Yukihiro},
	year = {2008}
}

@incollection{wilson_about_2015-1,
	title = {About {Windows}},
	booktitle = {Everyday {Computing} with {Windows} 8.1},
	publisher = {Springer},
	author = {Wilson, Kevin},
	year = {2015},
	pages = {1--4}
}

@book{love_linux_2010-1,
	title = {Linux kernel development},
	publisher = {Pearson Education},
	author = {Love, Robert},
	year = {2010}
}

@book{dubois_mysql_1999-1,
	title = {{MySQL}},
	publisher = {New riders publishing},
	author = {DuBois, Paul and Foreword By-Widenius, Michael},
	year = {1999}
}

@book{banker_mongodb_2011-1,
	title = {{MongoDB} in action},
	publisher = {Manning Publications Co.},
	author = {Banker, Kyle},
	year = {2011}
}

@article{cadavid_revision_2013-1,
	title = {Revisión de metodologías ágiles para el desarrollo de software},
	volume = {11},
	number = {2},
	journal = {Prospectiva},
	author = {Cadavid, Andrés Navarro and Martínez, Juan Daniel Fernández and Vélez, Jonathan Morales},
	year = {2013},
	pages = {30--39},
	annote = {Publisher: Universidad Autónoma del Caribe}
}

@book{cormen_introduction_2009-1,
	title = {Introduction to algorithms},
	publisher = {MIT press},
	author = {Cormen, Thomas H and Leiserson, Charles E and Rivest, Ronald L and Stein, Clifford},
	year = {2009}
}

@book{fowler_brief_2003-1,
	title = {A brief guide to the {Standard} {Object} {Modeling} {Language}},
	publisher = {Addison-Wesley Longman Publishing Co., Inc., Boston, MA},
	author = {Fowler, Martin and Distilled, UML},
	year = {2003}
}

@book{netlify_netlify_nodate-1,
	title = {Netlify - {Netlify} {Security}},
	url = {https://www.netlify.com/security/},
	author = {{Netlify}}
}

@book{heroku_heroku_2020-1,
	title = {Heroku - {Heroku} {Security}},
	url = {https://www.heroku.com/policy/security},
	author = {{Heroku}},
	year = {2020}
}

@book{jwt_web_2020-1,
	title = {Web {Tokens}},
	url = {https://jwt.io/introduction/},
	author = {{JWT}},
	year = {2020}
}

@book{chen_entity-relationship_nodate-2,
	title = {The entity-relationship model: {Toward} a unified {View} of data},
	url = {https://citeseerx.ist.psu.edu/viewdoc/summary?doi=10.1.1.523.6679},
	author = {Chen, Peter}
}

@book{seppe_vanden_broucke_principles_nodate-2,
	edition = {1},
	title = {Principles of {Database} {Management}: {The} {Practical} {Guide} to {Storing}, {Managing} and {Analyzing} {Big} and {Small} {Data}},
	isbn = {Cambridge University Press},
	publisher = {Cambridge University Press},
	author = {{Seppe Vanden Broucke} and {Bart Baesens} and {Wilfried LeMahieu}}
}

@book{ramez_elmasri_fundamentos_nodate-2,
	title = {Fundamentos de {SIstemas} de {Bases} de {Datos}},
	isbn = {84-7829-085-0},
	publisher = {Pearson},
	author = {{Ramez Elmasri}}
}

@book{catherine_m_ricardo_bases_nodate-2,
	title = {Bases de datos},
	isbn = {978-970-10-7275-2},
	publisher = {McGraw-Hill},
	author = {{Catherine M. Ricardo}}
}

@book{cristina_marta_bender_topicos_nodate-2,
	edition = {1},
	title = {Tópicos {Avanzados} de {Bases} de {Datos}},
	publisher = {Iniciativa Latinoamericana de Libros de Texto Abiertos},
	author = {{Cristina Marta Bender} and {Claudia Deco} and {Juan Sebastián González Sanabria} and {María Hallo} and {Julio César Ponce Gallegos}}
}

@book{sadalage_nosql_nodate-2,
	edition = {1},
	title = {Nosql {Distilled}: {A} {Brief} {Guide} to the {Emerging} {World} of {Polyglot} {Persistence}},
	isbn = {978-0-321-82662-6},
	publisher = {Pearson Education},
	author = {Sadalage, Pramod J. and Fowler, Martin}
}

@article{brewer_towards_2000-2,
	title = {Towards robust distributed systems},
	doi = {10.1145/343477.343502},
	author = {Brewer, Eric},
	month = jan,
	year = {2000}
}

@article{codd_relational_nodate-2,
	title = {A relational model of data for large shared data banks},
	volume = {13},
	doi = {10.1145/362384.362685},
	journal = {Communications of the ACM},
	author = {Codd, E. F.}
}

@article{chillon_exploring_2017-2,
	title = {Exploring the {Visualization} of {Schemas} for {Aggregate}-{Oriented} {NoSQL} {Databases}},
	author = {Chillón, Alberto Hernández and Severino, Feliciano Morales and Sevilla, Diego and Molina, Jesús García},
	month = nov,
	year = {2017}
}

@article{pop_designing_2014-1,
	title = {Designing an {MVC} model for rapid web application development},
	volume = {69},
	journal = {Procedia Engineering},
	author = {Pop, Dragos-Paul and Altar, Adam},
	year = {2014},
	note = {Publisher: Elsevier},
	pages = {1172--1179}
}

@article{pope_cookbook_1988-1,
	title = {A cookbook for using the model-view-controller user interface paradigm in {Smalltalk}-80},
	volume = {1},
	journal = {Journal of Object-Oriented Programming},
	author = {Pope, Krasner GEST and Krasner, S},
	year = {1988}
}

@book{coronel_database_nodate-2,
	edition = {13},
	title = {Database {Systems}: {Design}, {Implementation}, and {Management}},
	isbn = {978-1-337-62790-0},
	publisher = {Cengage},
	author = {Coronel, Carlos and Morris, Steven}
}

@book{noauthor_javascript_nodate-2,
	title = {{JavaScript}},
	url = {https://developer.mozilla.org/es/docs/Web/JavaScript}
}

@book{noauthor_what_nodate-4,
	title = {What is {CSS}?},
	url = {https://www.w3.org/standards/webdesign/htmlcss#whatcss}
}

@book{noauthor_html_nodate-2,
	title = {{HTML}},
	url = {https://developer.mozilla.org/es/docs/Web/HTML}
}

@book{noauthor_que_nodate-2,
	title = {¿{Qué} es {Vue}.js?},
	url = {https://es.vuejs.org/v2/guide/}
}

@book{lutz_learning_2013-2,
	edition = {5},
	title = {Learning {Python}},
	isbn = {978-1-4493-5573-9},
	publisher = {O'Really},
	author = {Lutz, Mark},
	month = jun,
	year = {2013}
}

@book{noauthor_flask_nodate-2,
	title = {Flask web development},
	url = {https://flask.palletsprojects.com/en/1.1.x/}
}

@book{noauthor_http_nodate-2,
	title = {{HTTP} - {Hypertext} {Transfer} {Protocol}},
	url = {https://www.w3.org/Protocols/}
}

@article{martinez-mosquera_modeling_2020-2,
	title = {Modeling and {Management} {Big} {Data} in {Databases}—{A} {Systematic} {Literature} {Review}},
	doi = {https://doi.org/10.3390/su12020634},
	journal = {Sustainability},
	author = {Martinez-Mosquera, Diana and Navarrete, Rosa and Lujan-Mora, Sergio},
	year = {2020}
}

@inproceedings{li_transforming_2010-2,
	title = {Transforming relational database into {HBase}: {A} case study},
	doi = {10.1109/ICSESS.2010.5552465},
	booktitle = {2010 {IEEE} {International} {Conference} on {Software} {Engineering} and {Service} {Sciences}},
	author = {Li, C.},
	month = jul,
	year = {2010},
	keywords = {BigTable, cloud computing, Clouds, data migration, data transformation, distributed databases, distributed system, Electronic mail, HBase, Information services, Internet, nested schema mappings, open source distributed database, public domain software, queries, query processing, relational database, relational databases, Relational databases, schema mapping, Web sites},
	pages = {683--687},
	annote = {ISSN: 2327-0594}
}

@inproceedings{chebotko_big_2015-2,
	title = {A {Big} {Data} {Modeling} {Methodology} for {Apache} {Cassandra}},
	doi = {10.1109/BigDataCongress.2015.41},
	booktitle = {2015 {IEEE} {International} {Congress} on {Big} {Data}},
	author = {Chebotko, A. and Kashlev, A. and Lu, S.},
	month = jun,
	year = {2015},
	keywords = {distributed databases, Electronic mail, Internet, Apache Cassandra, automation, big data, Big data, Big Data, big data management, Cassandra logical data model, Chebotko Diagrams, CQL, data modeling, data modeling approach, data modeling principle, data modeling process, data modeling tool, data models, Data models, database design, distributed database, Distributed databases, Indexes, KDM, linear scalability, logical data modeling, mapping pattern, mapping rule, online transaction processing, physical data model, query-driven big data modeling methodology, Radiation detectors, seamless multiple data center deployment, transaction processing, visual diagram, Web-scale company, zero downtime},
	pages = {238--245},
	annote = {ISSN: 2379-7703}
}

@article{mior_nose_2017-4,
	title = {{NoSE}: {Schema} {Design} for {NoSQL} {Applications}},
	volume = {29},
	issn = {2326-3865},
	doi = {10.1109/TKDE.2017.2722412},
	number = {10},
	journal = {IEEE Transactions on Knowledge and Data Engineering},
	author = {Mior, M. J. and Salem, K. and Aboulnaga, A. and Liu, R.},
	month = oct,
	year = {2017},
	keywords = {relational databases, Relational databases, Data models, database design, application designers, binary integer programming formulation, conceptual data model, Decision making, expert designers, integer programming, Nose, NoSE, NoSQL, NoSQL database, NoSQL Schema Evaluator, physical design, Physical design, Schema design, schema optimization, Tools, workload modeling},
	pages = {2275--2289}
}

@book{noauthor_what_nodate-5,
	title = {What is {NuxtJS}?},
	url = {https://nuxtjs.org/guide}
}

@book{noauthor_introduction_nodate-2,
	title = {Introduction {Material} {Design}},
	url = {https://material.io/design/introduction#goals}
}

@book{noauthor_gojs_nodate-2,
	title = {{GoJs}},
	url = {https://gojs.net/latest/index.html}
}

@book{noauthor_documentation_nodate-4,
	title = {Documentation {Sass}},
	url = {https://sass-lang.com/documentation}
}

@book{noauthor_stack_nodate-2,
	title = {stack overflow - {Developer} {Survey} {Results} 2019 - {Most} {Popular} {Technologies}},
	url = {https://insights.stackoverflow.com/survey/2019#most-popular-technologies}
}

@book{publishing_typescript_2019-1,
	edition = {1},
	title = {{TypeScript} {Programming} {Language}},
	isbn = {1-70883-980-1},
	publisher = {Independently published},
	author = {Publishing, TypeScript},
	month = nov,
	year = {2019}
}

@book{noauthor_vuetify_nodate-2,
	title = {Vuetify {Component} {API} {Overview}},
	url = {https://vuetifyjs.com/en/components/api-explorer/}
}

@book{noauthor_documentation_nodate-5,
	title = {Documentation {Bootstrap}},
	url = {https://getbootstrap.com/docs/4.5/getting-started/introduction/}
}

@book{wikipedia_contributors_style_2020-2,
	title = {Style sheet language — {Wikipedia}, {The} {Free} {Encyclopedia}},
	url = {https://en.wikipedia.org/w/index.php?title=Style_sheet_language&oldid=937209434},
	author = {{Wikipedia contributors}},
	year = {2020},
	annote = {[Online; accessed 15-May-2020]}
}

@book{wikipedia_contributors_web_2020-2,
	title = {Web framework — {Wikipedia}, {The} {Free} {Encyclopedia}},
	url = {https://en.wikipedia.org/w/index.php?title=Web_framework&oldid=956641850},
	author = {{Wikipedia contributors}},
	year = {2020},
	annote = {[Online; accessed 15-May-2020]}
}

@book{wikipedia_contributors_css_2020-2,
	title = {{CSS} framework — {Wikipedia}, {The} {Free} {Encyclopedia}},
	url = {https://en.wikipedia.org/w/index.php?title=CSS_framework&oldid=952876853},
	author = {{Wikipedia contributors}},
	year = {2020},
	annote = {[Online; accessed 16-May-2020]}
}

@book{wikipedia_react_2020-2,
	title = {React — {Wikipedia}, {La} enciclopedia libre},
	url = {https://es.wikipedia.org/w/index.php?title=React&oldid=125579300},
	author = {{Wikipedia}},
	year = {2020},
	annote = {[Internet; descargado 16-mayo-2020]}
}

@book{wikipedia_angular_2020-2,
	title = {Angular (framework) — {Wikipedia}, {La} enciclopedia libre},
	url = {https://es.wikipedia.org/w/index.php?title=Angular_(framework)&oldid=122940933},
	author = {{Wikipedia}},
	year = {2020},
	annote = {[Internet; descargado 16-mayo-2020]}
}

@book{noauthor_most_nodate-2,
	title = {Most {Loved}, {Dreaded}, and {Wanted} {Web} {Frameworks} - stack overflow},
	url = {https://insights.stackoverflow.com/survey/2019#technology-_-most-loved-dreaded-and-wanted-web-frameworks}
}

@book{wikipedia_mongodb_2020-2,
	title = {{MongoDB} — {Wikipedia}, {La} enciclopedia libre},
	url = {https://es.wikipedia.org/w/index.php?title=MongoDB&oldid=125700084},
	author = {{Wikipedia}},
	year = {2020},
	annote = {[Internet; descargado 16-mayo-2020]}
}

@book{wikipedia_couchdb_2020-2,
	title = {{CouchDB} — {Wikipedia}, {La} enciclopedia libre},
	url = {https://es.wikipedia.org/w/index.php?title=CouchDB&oldid=125555652},
	author = {{Wikipedia}},
	year = {2020},
	annote = {[Internet; descargado 16-mayo-2020]}
}

@book{noauthor_fabric_2020-2,
	title = {Fabric {Documentation}},
	url = {http://fabricjs.com/fabric-intro-part-1},
	year = {2020}
}

@book{wikipedia_contributors_d3js_2020-2,
	title = {D3.js — {Wikipedia}, {The} {Free} {Encyclopedia}},
	url = {https://en.wikipedia.org/w/index.php?title=D3.js&oldid=956132961},
	author = {{Wikipedia contributors}},
	year = {2020},
	annote = {[Online; accessed 16-May-2020]}
}

@book{wikipedia_django_2020-2,
	title = {Django (framework) — {Wikipedia}, {La} enciclopedia libre},
	url = {https://es.wikipedia.org/w/index.php?title=Django_(framework)&oldid=125055379},
	author = {{Wikipedia}},
	year = {2020},
	annote = {[Internet; descargado 16-mayo-2020]}
}

@article{de_la_vega_mortadelo_2020-2,
	title = {Mortadelo: {Automatic} generation of {NoSQL} stores from platform-independent data models},
	volume = {105},
	journal = {Future Generation Computer Systems},
	author = {de la Vega, Alfonso and García-Saiz, Diego and Blanco, Carlos and Zorrilla, Marta and Sánchez, Pablo},
	year = {2020},
	pages = {455--474},
	annote = {Publisher: Elsevier}
}

@book{datafluent_kashliev_2020-2,
	title = {Kashliev {Data} {Modeler}},
	url = {https://www.datafluent.org/},
	author = {{datafluent}},
	year = {2020}
}

@book{amazon_nosql_2020-2,
	title = {{NoSQL} {Workbench} for {Amazon} {DynamoDB}},
	url = {https://docs.aws.amazon.com/amazondynamodb/latest/developerguide/workbench.html},
	author = {{Amazon}},
	year = {2020}
}

@book{hackolade_hackolade_2020-2,
	title = {{HacKolade}},
	url = {https://hackolade.com/},
	author = {{HacKolade}},
	year = {2020}
}

@book{google_google_2020-2,
	title = {Google {Trends} - {NoSQL}},
	url = {https://trends.google.es/trends/explore?date=all&q=NoSQL},
	author = {{Google}},
	year = {2020}
}

@book{guide_definitive_2020-1,
	title = {The {Definitive} {Guide} to {Scrum}: {The} {Rules} of the {Game}},
	url = {https://www.scrumguides.org/docs/scrumguide/v2017/2017-Scrum-Guide-US.pdf#zoom=100},
	author = {Guide, The Scrum},
	year = {2020}
}

@book{angeles_metodologidesarrollo_2020-1,
	title = {Metodología de desarrollo de software},
	url = {https://www.uladech.edu.pe/images/stories/universidad/documentos/2018/metodologia-desarrollo-software-v001.pdf},
	author = {Ángeles, Universidad Católica los},
	year = {2020}
}

@book{mexico_scrum_2020-1,
	title = {{SCRUM} {México} - {Escribiendo} {Historias} de {Usuario}},
	url = {https://www.scrum.mx/informate/historias-de-usuario},
	author = {México, SCRUM},
	year = {2020}
}

@book{gallego_metodologiscrum_2020-1,
	title = {Metodología {SCRUM}},
	url = {http://openaccess.uoc.edu/webapps/o2/bitstream/10609/17885/1/mtrigasTFC0612memoria.pdf},
	author = {Gallego, Manuel Trigas},
	year = {2020}
}

@inproceedings{de_lima_workload-driven_2015-2,
	title = {A workload-driven logical design approach for {NoSQL} document databases},
	booktitle = {Proceedings of the 17th {International} {Conference} on {Information} {Integration} and {Web}-based {Applications} \& {Services}},
	author = {de Lima, Claudio and dos Santos Mello, Ronaldo},
	year = {2015},
	pages = {1--10}
}

@article{mior_nose_2017-5,
	title = {{NoSE}: {Schema} design for {NoSQL} applications},
	volume = {29},
	number = {10},
	journal = {IEEE Transactions on Knowledge and Data Engineering},
	author = {Mior, Michael Joseph and Salem, Kenneth and Aboulnaga, Ashraf and Liu, Rui},
	year = {2017},
	pages = {2275--2289},
	annote = {Publisher: IEEE}
}

@book{wikipedia_diagrama_2020-2,
	title = {Diagrama de clases — {Wikipedia}, {La} enciclopedia libre},
	url = {https://es.wikipedia.org/w/index.php?title=Diagrama_de_clases&oldid=126211624},
	author = {{Wikipedia}},
	year = {2020},
	annote = {[Internet; descargado 21-mayo-2020]}
}

@book{pressman_software_2005-2,
	title = {Software engineering: a practitioner's approach},
	publisher = {Palgrave macmillan},
	author = {Pressman, Roger S},
	year = {2005}
}

@book{abran_applied_2006-2,
	title = {Applied {Software} {Measurement}: {Proceedings} of the {International} {Workshop} on {Software} {Metrics} and {DASMA} {Software} {Metrik} {Kongress}},
	publisher = {Shaker},
	author = {Abran, Alain},
	year = {2006}
}

@book{galvan_estudio_2020-1,
	title = {Estudio de salarios {SG} 2020},
	url = {https://sg.com.mx/estudios/salarios/2020},
	author = {Galván, Pedro},
	year = {2020}
}

@article{dullea_analysis_2003-2,
	title = {An analysis of structural validity in entity-relationship modeling},
	volume = {47},
	number = {2},
	journal = {Data \& Knowledge Engineering},
	author = {Dullea, James and Song, Il-Yeol and Lamprou, Ioanna},
	year = {2003},
	pages = {167--205},
	annote = {Publisher: Elsevier}
}

@book{lie_cascading_2005-2,
	title = {Cascading style sheets: {Designing} for the web, {Portable} {Documents}},
	publisher = {Addison-Wesley Professional},
	author = {Lie, Hakon Wium and Bos, Bert},
	year = {2005}
}

@book{wired_wired_2020-2,
	title = {Wired - {Get} {Started} with {Web} {Frameworks}},
	url = {https://www.wired.com/2010/02/get_started_with_web_frameworks/},
	author = {{Wired}},
	year = {2020}
}

@book{react_react_2020-2,
	title = {React - {A} {JavaScript} library for building user interfaces},
	url = {https://reactjs.org/},
	author = {{React}},
	year = {2020}
}

@book{angular_angular_2020-2,
	title = {Angular - {One} framework, mobile \& desktop},
	url = {https://angular.io/},
	author = {{Angular}},
	year = {2020}
}

@book{mysql_mysql_2020-2,
	title = {{MySQL} - {MySQL} {Documentation}},
	url = {https://dev.mysql.com/doc/},
	author = {{MySQL}},
	year = {2020}
}

@book{mongodb_mongodb_2020-2,
	title = {{MongoDB} - {MongoDB} {Documentation}},
	url = {https://docs.mongodb.com/manual/},
	author = {{MongoDB}},
	year = {2020}
}

@book{d3_d3js_2020-2,
	title = {D3.js - {D3}.js {Documentation}},
	url = {https://github.com/d3/d3/wiki},
	author = {{D3}},
	year = {2020}
}

@book{projects_flask_2020-1,
	title = {Flask - {Flask} web development, one drop at a time.},
	url = {https://flask.palletsprojects.com/en/1.1.x/},
	author = {Projects, Pallets},
	year = {2020}
}

@book{project_django_2020-1,
	title = {Django - {Django} documentation},
	url = {https://docs.djangoproject.com/en/3.0/},
	author = {Project, Django},
	year = {2020}
}

@article{sommerville_software_2011-2,
	title = {Software engineering 9th {Edition}},
	volume = {137035152},
	journal = {ISBN-10},
	author = {Sommerville, Ian},
	year = {2011}
}

@book{stallings_operating_2012-2,
	title = {Operating systems: internals and design principles},
	publisher = {Boston: Prentice Hall,},
	author = {Stallings, William},
	year = {2012}
}

@article{aaby_introduction_1996-2,
	title = {Introduction to programming languages},
	journal = {Computer Science Department, Walla Walla College. http://www. worldcolleges. info/sites/default/files/aaby. pdf},
	author = {Aaby, Anthony A},
	year = {1996}
}

@book{connolly_database_2005-2,
	title = {Database systems: a practical approach to design, implementation, and management},
	publisher = {Pearson Education},
	author = {Connolly, Thomas M and Begg, Carolyn E},
	year = {2005}
}

@book{joy_java_2000-2,
	title = {The {Java} language specification},
	publisher = {Addison-Wesley Reading},
	author = {Joy, Bill and Steele, Guy and Gosling, James and Bracha, Gilad},
	year = {2000}
}

@inproceedings{van_rossum_python_2007-2,
	title = {Python {Programming} {Language}.},
	volume = {41},
	booktitle = {{USENIX} annual technical conference},
	author = {Van Rossum, Guido and {others}},
	year = {2007},
	pages = {36}
}

@book{hejlsberg_c_2003-2,
	title = {C\# language specification},
	publisher = {Addison-Wesley Longman Publishing Co., Inc.},
	author = {Hejlsberg, Anders and Wiltamuth, Scott and Golde, Peter},
	year = {2003}
}

@book{flanagan_ruby_2008-2,
	title = {The {Ruby} {Programming} {Language}: {Everything} {You} {Need} to {Know}},
	publisher = {" O'Reilly Media, Inc."},
	author = {Flanagan, David and Matsumoto, Yukihiro},
	year = {2008}
}

@incollection{wilson_about_2015-2,
	title = {About {Windows}},
	booktitle = {Everyday {Computing} with {Windows} 8.1},
	publisher = {Springer},
	author = {Wilson, Kevin},
	year = {2015},
	pages = {1--4}
}

@book{love_linux_2010-2,
	title = {Linux kernel development},
	publisher = {Pearson Education},
	author = {Love, Robert},
	year = {2010}
}

@book{dubois_mysql_1999-2,
	title = {{MySQL}},
	publisher = {New riders publishing},
	author = {DuBois, Paul and Foreword By-Widenius, Michael},
	year = {1999}
}

@book{banker_mongodb_2011-2,
	title = {{MongoDB} in action},
	publisher = {Manning Publications Co.},
	author = {Banker, Kyle},
	year = {2011}
}

@article{cadavid_revision_2013-2,
	title = {Revisión de metodologías ágiles para el desarrollo de software},
	volume = {11},
	number = {2},
	journal = {Prospectiva},
	author = {Cadavid, Andrés Navarro and Martínez, Juan Daniel Fernández and Vélez, Jonathan Morales},
	year = {2013},
	pages = {30--39},
	annote = {Publisher: Universidad Autónoma del Caribe}
}

@book{cormen_introduction_2009-2,
	title = {Introduction to algorithms},
	publisher = {MIT press},
	author = {Cormen, Thomas H and Leiserson, Charles E and Rivest, Ronald L and Stein, Clifford},
	year = {2009}
}

@book{fowler_brief_2003-2,
	title = {A brief guide to the {Standard} {Object} {Modeling} {Language}},
	publisher = {Addison-Wesley Longman Publishing Co., Inc., Boston, MA},
	author = {Fowler, Martin and Distilled, UML},
	year = {2003}
}

@book{netlify_netlify_nodate-2,
	title = {Netlify - {Netlify} {Security}},
	url = {https://www.netlify.com/security/},
	author = {{Netlify}}
}

@book{heroku_heroku_2020-2,
	title = {Heroku - {Heroku} {Security}},
	url = {https://www.heroku.com/policy/security},
	author = {{Heroku}},
	year = {2020}
}

@book{jwt_web_2020-2,
	title = {Web {Tokens}},
	url = {https://jwt.io/introduction/},
	author = {{JWT}},
	year = {2020}
}

@misc{visual_paradigm_visual_2020,
	title = {Visual {Paradigm} - {What} is {Class} {Diagram}?},
	url = {https://www.visual-paradigm.com/guide/uml-unified-modeling-language/what-is-class-diagram/},
	author = {Visual Paradigm},
	year = {2020}
}

@book{pallas-areny_sensors_2012,
	title = {Sensors and signal conditioning},
	publisher = {John Wiley \& Sons},
	author = {Pallas-Areny, Ramon and Webster, John G},
	year = {2012}
}

@misc{analog_devices_ad620_2020,
	title = {{AD620} - {Instrumentation} {Amplifier}},
	url = {https://www.analog.com/media/en/technical-documentation/data-sheets/AD620.pdf},
	author = {ANALOG DEVICES},
	year = {2020}
}

@article{patel_analog_2013,
	title = {Analog to digital converter (adc) review},
	journal = {International Journal of Emerging Trends in Electrical and Electronics (IJETEEISSN: 2320-9569)},
	author = {Patel, B and Bhavesh, H},
	year = {2013}
}

@book{chen_entity-relationship_nodate-3,
	title = {The entity-relationship model: {Toward} a unified {View} of data},
	url = {https://citeseerx.ist.psu.edu/viewdoc/summary?doi=10.1.1.523.6679},
	author = {Chen, Peter}
}

@book{seppe_vanden_broucke_principles_nodate-3,
	edition = {1},
	title = {Principles of {Database} {Management}: {The} {Practical} {Guide} to {Storing}, {Managing} and {Analyzing} {Big} and {Small} {Data}},
	isbn = {Cambridge University Press},
	publisher = {Cambridge University Press},
	author = {{Seppe Vanden Broucke} and {Bart Baesens} and {Wilfried LeMahieu}}
}

@book{ramez_elmasri_fundamentos_nodate-3,
	title = {Fundamentos de {SIstemas} de {Bases} de {Datos}},
	isbn = {84-7829-085-0},
	publisher = {Pearson},
	author = {{Ramez Elmasri}}
}

@book{catherine_m_ricardo_bases_nodate-3,
	title = {Bases de datos},
	isbn = {978-970-10-7275-2},
	publisher = {McGraw-Hill},
	author = {{Catherine M. Ricardo}}
}

@book{cristina_marta_bender_topicos_nodate-3,
	edition = {1},
	title = {Tópicos {Avanzados} de {Bases} de {Datos}},
	publisher = {Iniciativa Latinoamericana de Libros de Texto Abiertos},
	author = {{Cristina Marta Bender} and {Claudia Deco} and {Juan Sebastián González Sanabria} and {María Hallo} and {Julio César Ponce Gallegos}}
}

@book{sadalage_nosql_nodate-3,
	edition = {1},
	title = {Nosql {Distilled}: {A} {Brief} {Guide} to the {Emerging} {World} of {Polyglot} {Persistence}},
	isbn = {978-0-321-82662-6},
	publisher = {Pearson Education},
	author = {Sadalage, Pramod J. and Fowler, Martin}
}

@article{brewer_towards_2000-3,
	title = {Towards robust distributed systems},
	doi = {10.1145/343477.343502},
	author = {Brewer, Eric},
	month = jan,
	year = {2000}
}

@article{codd_relational_nodate-3,
	title = {A relational model of data for large shared data banks},
	volume = {13},
	doi = {10.1145/362384.362685},
	journal = {Communications of the ACM},
	author = {Codd, E. F.}
}

@article{chillon_exploring_2017-3,
	title = {Exploring the {Visualization} of {Schemas} for {Aggregate}-{Oriented} {NoSQL} {Databases}},
	author = {Chillón, Alberto Hernández and Severino, Feliciano Morales and Sevilla, Diego and Molina, Jesús García},
	month = nov,
	year = {2017}
}

@book{coronel_database_nodate-3,
	edition = {13},
	title = {Database {Systems}: {Design}, {Implementation}, and {Management}},
	isbn = {978-1-337-62790-0},
	publisher = {Cengage},
	author = {Coronel, Carlos and Morris, Steven}
}

@book{noauthor_javascript_nodate-3,
	title = {{JavaScript}},
	url = {https://developer.mozilla.org/es/docs/Web/JavaScript}
}

@book{noauthor_what_nodate-6,
	title = {What is {CSS}?},
	url = {https://www.w3.org/standards/webdesign/htmlcss#whatcss}
}

@book{noauthor_html_nodate-3,
	title = {{HTML}},
	url = {https://developer.mozilla.org/es/docs/Web/HTML}
}

@book{noauthor_que_nodate-3,
	title = {¿{Qué} es {Vue}.js?},
	url = {https://es.vuejs.org/v2/guide/}
}

@book{lutz_learning_2013-3,
	edition = {5},
	title = {Learning {Python}},
	isbn = {978-1-4493-5573-9},
	publisher = {O'Really},
	author = {Lutz, Mark},
	month = jun,
	year = {2013}
}

@book{noauthor_flask_nodate-3,
	title = {Flask web development},
	url = {https://flask.palletsprojects.com/en/1.1.x/}
}

@book{noauthor_http_nodate-3,
	title = {{HTTP} - {Hypertext} {Transfer} {Protocol}},
	url = {https://www.w3.org/Protocols/}
}

@article{martinez-mosquera_modeling_2020-3,
	title = {Modeling and {Management} {Big} {Data} in {Databases}—{A} {Systematic} {Literature} {Review}},
	doi = {https://doi.org/10.3390/su12020634},
	journal = {Sustainability},
	author = {Martinez-Mosquera, Diana and Navarrete, Rosa and Lujan-Mora, Sergio},
	year = {2020}
}

@inproceedings{li_transforming_2010-3,
	title = {Transforming relational database into {HBase}: {A} case study},
	doi = {10.1109/ICSESS.2010.5552465},
	booktitle = {2010 {IEEE} {International} {Conference} on {Software} {Engineering} and {Service} {Sciences}},
	author = {Li, C.},
	month = jul,
	year = {2010},
	keywords = {BigTable, cloud computing, Clouds, data migration, data transformation, distributed databases, distributed system, Electronic mail, HBase, Information services, Internet, nested schema mappings, open source distributed database, public domain software, queries, query processing, relational database, relational databases, Relational databases, schema mapping, Web sites},
	pages = {683--687},
	annote = {ISSN: 2327-0594},
	annote = {ISSN: 2327-0594},
	annote = {ISSN: 2327-0594}
}

@inproceedings{chebotko_big_2015-3,
	title = {A {Big} {Data} {Modeling} {Methodology} for {Apache} {Cassandra}},
	doi = {10.1109/BigDataCongress.2015.41},
	booktitle = {2015 {IEEE} {International} {Congress} on {Big} {Data}},
	author = {Chebotko, A. and Kashlev, A. and Lu, S.},
	month = jun,
	year = {2015},
	keywords = {distributed databases, Electronic mail, Internet, Apache Cassandra, automation, big data, Big data, Big Data, big data management, Cassandra logical data model, Chebotko Diagrams, CQL, data modeling, data modeling approach, data modeling principle, data modeling process, data modeling tool, data models, Data models, database design, distributed database, Distributed databases, Indexes, KDM, linear scalability, logical data modeling, mapping pattern, mapping rule, online transaction processing, physical data model, query-driven big data modeling methodology, Radiation detectors, seamless multiple data center deployment, transaction processing, visual diagram, Web-scale company, zero downtime},
	pages = {238--245},
	annote = {ISSN: 2379-7703},
	annote = {ISSN: 2379-7703},
	annote = {ISSN: 2379-7703}
}

@article{mior_nose_2017-6,
	title = {{NoSE}: {Schema} {Design} for {NoSQL} {Applications}},
	volume = {29},
	issn = {2326-3865},
	doi = {10.1109/TKDE.2017.2722412},
	number = {10},
	journal = {IEEE Transactions on Knowledge and Data Engineering},
	author = {Mior, M. J. and Salem, K. and Aboulnaga, A. and Liu, R.},
	month = oct,
	year = {2017},
	keywords = {relational databases, Relational databases, Data models, database design, application designers, binary integer programming formulation, conceptual data model, Decision making, expert designers, integer programming, Nose, NoSE, NoSQL, NoSQL database, NoSQL Schema Evaluator, physical design, Physical design, Schema design, schema optimization, Tools, workload modeling},
	pages = {2275--2289},
	annote = {Publisher: IEEE},
	annote = {Publisher: IEEE},
	annote = {Publisher: IEEE}
}

@book{noauthor_what_nodate-7,
	title = {What is {NuxtJS}?},
	url = {https://nuxtjs.org/guide}
}

@book{noauthor_introduction_nodate-3,
	title = {Introduction {Material} {Design}},
	url = {https://material.io/design/introduction#goals}
}

@book{noauthor_gojs_nodate-3,
	title = {{GoJs}},
	url = {https://gojs.net/latest/index.html}
}

@book{noauthor_documentation_nodate-6,
	title = {Documentation {Sass}},
	url = {https://sass-lang.com/documentation}
}

@book{noauthor_stack_nodate-3,
	title = {stack overflow - {Developer} {Survey} {Results} 2019 - {Most} {Popular} {Technologies}},
	url = {https://insights.stackoverflow.com/survey/2019#most-popular-technologies}
}

@book{publishing_typescript_2019-2,
	edition = {1},
	title = {{TypeScript} {Programming} {Language}},
	isbn = {1-70883-980-1},
	publisher = {Independently published},
	author = {Publishing, TypeScript},
	month = nov,
	year = {2019}
}

@book{noauthor_vuetify_nodate-3,
	title = {Vuetify {Component} {API} {Overview}},
	url = {https://vuetifyjs.com/en/components/api-explorer/}
}

@book{noauthor_documentation_nodate-7,
	title = {Documentation {Bootstrap}},
	url = {https://getbootstrap.com/docs/4.5/getting-started/introduction/}
}

@book{wikipedia_contributors_style_2020-3,
	title = {Style sheet language — {Wikipedia}, {The} {Free} {Encyclopedia}},
	url = {https://en.wikipedia.org/w/index.php?title=Style_sheet_language&oldid=937209434},
	author = {{Wikipedia contributors}},
	year = {2020},
	annote = {[Online; accessed 15-May-2020]},
	annote = {[Online; accessed 15-May-2020]},
	annote = {[Online; accessed 15-May-2020]}
}

@book{wikipedia_contributors_web_2020-3,
	title = {Web framework — {Wikipedia}, {The} {Free} {Encyclopedia}},
	url = {https://en.wikipedia.org/w/index.php?title=Web_framework&oldid=956641850},
	author = {{Wikipedia contributors}},
	year = {2020},
	annote = {[Online; accessed 15-May-2020]},
	annote = {[Online; accessed 15-May-2020]},
	annote = {[Online; accessed 15-May-2020]}
}

@book{wikipedia_contributors_css_2020-3,
	title = {{CSS} framework — {Wikipedia}, {The} {Free} {Encyclopedia}},
	url = {https://en.wikipedia.org/w/index.php?title=CSS_framework&oldid=952876853},
	author = {{Wikipedia contributors}},
	year = {2020},
	annote = {[Online; accessed 16-May-2020]},
	annote = {[Online; accessed 16-May-2020]},
	annote = {[Online; accessed 16-May-2020]}
}

@book{wikipedia_react_2020-3,
	title = {React — {Wikipedia}, {La} enciclopedia libre},
	url = {https://es.wikipedia.org/w/index.php?title=React&oldid=125579300},
	author = {{Wikipedia}},
	year = {2020},
	annote = {[Internet; descargado 16-mayo-2020]},
	annote = {[Internet; descargado 16-mayo-2020]},
	annote = {[Internet; descargado 16-mayo-2020]}
}

@book{wikipedia_angular_2020-3,
	title = {Angular (framework) — {Wikipedia}, {La} enciclopedia libre},
	url = {https://es.wikipedia.org/w/index.php?title=Angular_(framework)&oldid=122940933},
	author = {{Wikipedia}},
	year = {2020},
	annote = {[Internet; descargado 16-mayo-2020]},
	annote = {[Internet; descargado 16-mayo-2020]},
	annote = {[Internet; descargado 16-mayo-2020]}
}

@book{noauthor_most_nodate-3,
	title = {Most {Loved}, {Dreaded}, and {Wanted} {Web} {Frameworks} - stack overflow},
	url = {https://insights.stackoverflow.com/survey/2019#technology-_-most-loved-dreaded-and-wanted-web-frameworks}
}

@book{wikipedia_mongodb_2020-3,
	title = {{MongoDB} — {Wikipedia}, {La} enciclopedia libre},
	url = {https://es.wikipedia.org/w/index.php?title=MongoDB&oldid=125700084},
	author = {{Wikipedia}},
	year = {2020},
	annote = {[Internet; descargado 16-mayo-2020]},
	annote = {[Internet; descargado 16-mayo-2020]},
	annote = {[Internet; descargado 16-mayo-2020]}
}

@book{wikipedia_couchdb_2020-3,
	title = {{CouchDB} — {Wikipedia}, {La} enciclopedia libre},
	url = {https://es.wikipedia.org/w/index.php?title=CouchDB&oldid=125555652},
	author = {{Wikipedia}},
	year = {2020},
	annote = {[Internet; descargado 16-mayo-2020]},
	annote = {[Internet; descargado 16-mayo-2020]},
	annote = {[Internet; descargado 16-mayo-2020]}
}

@book{noauthor_fabric_2020-3,
	title = {Fabric {Documentation}},
	url = {http://fabricjs.com/fabric-intro-part-1},
	year = {2020}
}

@book{wikipedia_contributors_d3js_2020-3,
	title = {D3.js — {Wikipedia}, {The} {Free} {Encyclopedia}},
	url = {https://en.wikipedia.org/w/index.php?title=D3.js&oldid=956132961},
	author = {{Wikipedia contributors}},
	year = {2020},
	annote = {[Online; accessed 16-May-2020]},
	annote = {[Online; accessed 16-May-2020]},
	annote = {[Online; accessed 16-May-2020]}
}

@book{wikipedia_django_2020-3,
	title = {Django (framework) — {Wikipedia}, {La} enciclopedia libre},
	url = {https://es.wikipedia.org/w/index.php?title=Django_(framework)&oldid=125055379},
	author = {{Wikipedia}},
	year = {2020},
	annote = {[Internet; descargado 16-mayo-2020]},
	annote = {[Internet; descargado 16-mayo-2020]},
	annote = {[Internet; descargado 16-mayo-2020]}
}

@article{de_la_vega_mortadelo_2020-3,
	title = {Mortadelo: {Automatic} generation of {NoSQL} stores from platform-independent data models},
	volume = {105},
	journal = {Future Generation Computer Systems},
	author = {de la Vega, Alfonso and García-Saiz, Diego and Blanco, Carlos and Zorrilla, Marta and Sánchez, Pablo},
	year = {2020},
	pages = {455--474},
	annote = {Publisher: Elsevier},
	annote = {Publisher: Elsevier},
	annote = {Publisher: Elsevier}
}

@book{datafluent_kashliev_2020-3,
	title = {Kashliev {Data} {Modeler}},
	url = {https://www.datafluent.org/},
	author = {{datafluent}},
	year = {2020}
}

@book{amazon_nosql_2020-3,
	title = {{NoSQL} {Workbench} for {Amazon} {DynamoDB}},
	url = {https://docs.aws.amazon.com/amazondynamodb/latest/developerguide/workbench.html},
	author = {{Amazon}},
	year = {2020}
}

@book{hackolade_hackolade_2020-3,
	title = {{HacKolade}},
	url = {https://hackolade.com/},
	author = {{HacKolade}},
	year = {2020}
}

@book{google_google_2020-3,
	title = {Google {Trends} - {NoSQL}},
	url = {https://trends.google.es/trends/explore?date=all&q=NoSQL},
	author = {{Google}},
	year = {2020}
}

@book{guide_definitive_2020-2,
	title = {The {Definitive} {Guide} to {Scrum}: {The} {Rules} of the {Game}},
	url = {https://www.scrumguides.org/docs/scrumguide/v2017/2017-Scrum-Guide-US.pdf#zoom=100},
	author = {Guide, The Scrum},
	year = {2020}
}

@book{angeles_metodologidesarrollo_2020-2,
	title = {Metodología de desarrollo de software},
	url = {https://www.uladech.edu.pe/images/stories/universidad/documentos/2018/metodologia-desarrollo-software-v001.pdf},
	author = {Ángeles, Universidad Católica los},
	year = {2020}
}

@book{mexico_scrum_2020-2,
	title = {{SCRUM} {México} - {Escribiendo} {Historias} de {Usuario}},
	url = {https://www.scrum.mx/informate/historias-de-usuario},
	author = {México, SCRUM},
	year = {2020}
}

@book{gallego_metodologiscrum_2020-2,
	title = {Metodología {SCRUM}},
	url = {http://openaccess.uoc.edu/webapps/o2/bitstream/10609/17885/1/mtrigasTFC0612memoria.pdf},
	author = {Gallego, Manuel Trigas},
	year = {2020}
}

@inproceedings{de_lima_workload-driven_2015-3,
	title = {A workload-driven logical design approach for {NoSQL} document databases},
	booktitle = {Proceedings of the 17th {International} {Conference} on {Information} {Integration} and {Web}-based {Applications} \& {Services}},
	author = {de Lima, Claudio and dos Santos Mello, Ronaldo},
	year = {2015},
	pages = {1--10}
}

@book{wikipedia_diagrama_2020-3,
	title = {Diagrama de clases — {Wikipedia}, {La} enciclopedia libre},
	url = {https://es.wikipedia.org/w/index.php?title=Diagrama_de_clases&oldid=126211624},
	author = {{Wikipedia}},
	year = {2020},
	annote = {[Internet; descargado 21-mayo-2020]},
	annote = {[Internet; descargado 21-mayo-2020]},
	annote = {[Internet; descargado 21-mayo-2020]}
}

@book{pressman_software_2005-3,
	title = {Software engineering: a practitioner's approach},
	publisher = {Palgrave macmillan},
	author = {Pressman, Roger S},
	year = {2005}
}

@book{abran_applied_2006-3,
	title = {Applied {Software} {Measurement}: {Proceedings} of the {International} {Workshop} on {Software} {Metrics} and {DASMA} {Software} {Metrik} {Kongress}},
	publisher = {Shaker},
	author = {Abran, Alain},
	year = {2006}
}

@book{galvan_estudio_2020-2,
	title = {Estudio de salarios {SG} 2020},
	url = {https://sg.com.mx/estudios/salarios/2020},
	author = {Galván, Pedro},
	year = {2020}
}

@article{dullea_analysis_2003-3,
	title = {An analysis of structural validity in entity-relationship modeling},
	volume = {47},
	number = {2},
	journal = {Data \& Knowledge Engineering},
	author = {Dullea, James and Song, Il-Yeol and Lamprou, Ioanna},
	year = {2003},
	pages = {167--205},
	annote = {Publisher: Elsevier},
	annote = {Publisher: Elsevier},
	annote = {Publisher: Elsevier}
}

@book{lie_cascading_2005-3,
	title = {Cascading style sheets: {Designing} for the web, {Portable} {Documents}},
	publisher = {Addison-Wesley Professional},
	author = {Lie, Hakon Wium and Bos, Bert},
	year = {2005}
}

@book{wired_wired_2020-3,
	title = {Wired - {Get} {Started} with {Web} {Frameworks}},
	url = {https://www.wired.com/2010/02/get_started_with_web_frameworks/},
	author = {{Wired}},
	year = {2020}
}

@book{react_react_2020-3,
	title = {React - {A} {JavaScript} library for building user interfaces},
	url = {https://reactjs.org/},
	author = {{React}},
	year = {2020}
}

@book{angular_angular_2020-3,
	title = {Angular - {One} framework, mobile \& desktop},
	url = {https://angular.io/},
	author = {{Angular}},
	year = {2020}
}

@book{mysql_mysql_2020-3,
	title = {{MySQL} - {MySQL} {Documentation}},
	url = {https://dev.mysql.com/doc/},
	author = {{MySQL}},
	year = {2020}
}

@book{mongodb_mongodb_2020-3,
	title = {{MongoDB} - {MongoDB} {Documentation}},
	url = {https://docs.mongodb.com/manual/},
	author = {{MongoDB}},
	year = {2020}
}

@book{d3_d3js_2020-3,
	title = {D3.js - {D3}.js {Documentation}},
	url = {https://github.com/d3/d3/wiki},
	author = {{D3}},
	year = {2020}
}

@book{projects_flask_2020-2,
	title = {Flask - {Flask} web development, one drop at a time.},
	url = {https://flask.palletsprojects.com/en/1.1.x/},
	author = {Projects, Pallets},
	year = {2020}
}

@book{project_django_2020-2,
	title = {Django - {Django} documentation},
	url = {https://docs.djangoproject.com/en/3.0/},
	author = {Project, Django},
	year = {2020}
}

@article{sommerville_software_2011-3,
	title = {Software engineering 9th {Edition}},
	volume = {137035152},
	journal = {ISBN-10},
	author = {Sommerville, Ian},
	year = {2011}
}

@book{stallings_operating_2012-3,
	title = {Operating systems: internals and design principles},
	publisher = {Boston: Prentice Hall,},
	author = {Stallings, William},
	year = {2012}
}

@article{aaby_introduction_1996-3,
	title = {Introduction to programming languages},
	journal = {Computer Science Department, Walla Walla College. http://www. worldcolleges. info/sites/default/files/aaby. pdf},
	author = {Aaby, Anthony A},
	year = {1996}
}

@book{connolly_database_2005-3,
	title = {Database systems: a practical approach to design, implementation, and management},
	publisher = {Pearson Education},
	author = {Connolly, Thomas M and Begg, Carolyn E},
	year = {2005}
}

@book{joy_java_2000-3,
	title = {The {Java} language specification},
	publisher = {Addison-Wesley Reading},
	author = {Joy, Bill and Steele, Guy and Gosling, James and Bracha, Gilad},
	year = {2000}
}

@inproceedings{van_rossum_python_2007-3,
	title = {Python {Programming} {Language}.},
	volume = {41},
	booktitle = {{USENIX} annual technical conference},
	author = {Van Rossum, Guido and {others}},
	year = {2007},
	pages = {36}
}

@book{hejlsberg_c_2003-3,
	title = {C\# language specification},
	publisher = {Addison-Wesley Longman Publishing Co., Inc.},
	author = {Hejlsberg, Anders and Wiltamuth, Scott and Golde, Peter},
	year = {2003}
}

@book{flanagan_ruby_2008-3,
	title = {The {Ruby} {Programming} {Language}: {Everything} {You} {Need} to {Know}},
	publisher = {" O'Reilly Media, Inc."},
	author = {Flanagan, David and Matsumoto, Yukihiro},
	year = {2008}
}

@incollection{wilson_about_2015-3,
	title = {About {Windows}},
	booktitle = {Everyday {Computing} with {Windows} 8.1},
	publisher = {Springer},
	author = {Wilson, Kevin},
	year = {2015},
	pages = {1--4}
}

@book{love_linux_2010-3,
	title = {Linux kernel development},
	publisher = {Pearson Education},
	author = {Love, Robert},
	year = {2010}
}

@book{dubois_mysql_1999-3,
	title = {{MySQL}},
	publisher = {New riders publishing},
	author = {DuBois, Paul and Foreword By-Widenius, Michael},
	year = {1999}
}

@book{banker_mongodb_2011-3,
	title = {{MongoDB} in action},
	publisher = {Manning Publications Co.},
	author = {Banker, Kyle},
	year = {2011}
}

@article{cadavid_revision_2013-3,
	title = {Revisión de metodologías ágiles para el desarrollo de software},
	volume = {11},
	number = {2},
	journal = {Prospectiva},
	author = {Cadavid, Andrés Navarro and Martínez, Juan Daniel Fernández and Vélez, Jonathan Morales},
	year = {2013},
	pages = {30--39},
	annote = {Publisher: Universidad Autónoma del Caribe},
	annote = {Publisher: Universidad Autónoma del Caribe},
	annote = {Publisher: Universidad Autónoma del Caribe}
}

@book{cormen_introduction_2009-3,
	title = {Introduction to algorithms},
	publisher = {MIT press},
	author = {Cormen, Thomas H and Leiserson, Charles E and Rivest, Ronald L and Stein, Clifford},
	year = {2009}
}

@book{fowler_brief_2003-3,
	title = {A brief guide to the {Standard} {Object} {Modeling} {Language}},
	publisher = {Addison-Wesley Longman Publishing Co., Inc., Boston, MA},
	author = {Fowler, Martin and Distilled, UML},
	year = {2003}
}

@book{netlify_netlify_nodate-3,
	title = {Netlify - {Netlify} {Security}},
	url = {https://www.netlify.com/security/},
	author = {{Netlify}}
}

@book{heroku_heroku_2020-3,
	title = {Heroku - {Heroku} {Security}},
	url = {https://www.heroku.com/policy/security},
	author = {{Heroku}},
	year = {2020}
}

@book{jwt_web_2020-3,
	title = {Web {Tokens}},
	url = {https://jwt.io/introduction/},
	author = {{JWT}},
	year = {2020}
}

@article{pop_designing_2014-2,
	title = {Designing an {MVC} model for rapid web application development},
	volume = {69},
	journal = {Procedia Engineering},
	author = {Pop, Dragos-Paul and Altar, Adam},
	year = {2014},
	pages = {1172--1179},
	annote = {Publisher: Elsevier},
	annote = {Publisher: Elsevier}
}

@article{pope_cookbook_1988-2,
	title = {A cookbook for using the model-view-controller user interface paradigm in {Smalltalk}-80},
	volume = {1},
	journal = {Journal of Object-Oriented Programming},
	author = {Pope, Krasner GEST and Krasner, S},
	year = {1988}
}

@book{paradigm_visual_2020,
	title = {Visual {Paradigm} - {What} is {Class} {Diagram}?},
	url = {https://www.visual-paradigm.com/guide/uml-unified-modeling-language/what-is-class-diagram/},
	author = {Paradigm, Visual},
	year = {2020}
}

@book{scherp_framework_2013,
	title = {A framework for model-driven scientific workflow engineering},
	publisher = {BoD–Books on Demand},
	author = {Scherp, Guido},
	year = {2013}
}

@book{reussner_handbuch_2006,
	title = {Handbuch der {Software}-{Architektur}},
	publisher = {dpunkt. verlag},
	author = {Reussner, Ralf and Hasselbring, Wilhelm},
	year = {2006}
}

@book{fowler_domain-specific_2010,
	title = {Domain-specific languages},
	publisher = {Pearson Education},
	author = {Fowler, Martin},
	year = {2010}
}

@article{van_deursen_domain-specific_2000,
	title = {Domain-specific languages: {An} annotated bibliography},
	volume = {35},
	number = {6},
	journal = {ACM Sigplan Notices},
	author = {Van Deursen, Arie and Klint, Paul and Visser, Joost},
	year = {2000},
	pages = {26--36},
	annote = {Publisher: ACM New York, NY, USA}
}

@phdthesis{kapferer_model_2019,
	type = {{PhD} {Thesis}},
	title = {Model {Transformations} for {DSL} {Processing}},
	school = {HSR},
	author = {Kapferer, Stefan},
	year = {2019}
}

@article{kahani_survey_2019,
	title = {Survey and classification of model transformation tools},
	volume = {18},
	number = {4},
	journal = {Software \& Systems Modeling},
	author = {Kahani, Nafiseh and Bagherzadeh, Mojtaba and Cordy, James R and Dingel, Juergen and Varró, Daniel},
	year = {2019},
	note = {Publisher: Springer},
	pages = {2361--2397}
}

@article{eclipse_eclipse_2009,
	title = {Eclipse {IDE}},
	journal = {Website www. eclipse. org Last visited: July},
	author = {Eclipse, IDE},
	year = {2009}
}

@book{steinberg_emf_2008,
	title = {{EMF}: eclipse modeling framework},
	publisher = {Pearson Education},
	author = {Steinberg, Dave and Budinsky, Frank and Merks, Ed and Paternostro, Marcelo},
	year = {2008}
}

@inproceedings{rose_epsilon_2008,
	title = {The epsilon generation language},
	booktitle = {European {Conference} on {Model} {Driven} {Architecture}-{Foundations} and {Applications}},
	publisher = {Springer},
	author = {Rose, Louis M and Paige, Richard F and Kolovos, Dimitrios S and Polack, Fiona AC},
	year = {2008},
	pages = {1--16}
}

@book{bettini_implementing_2016,
	title = {Implementing domain-specific languages with {Xtext} and {Xtend}},
	publisher = {Packt Publishing Ltd},
	author = {Bettini, Lorenzo},
	year = {2016}
}

@article{shahzad_review_2016,
	title = {A review of latest web tools and libraries for state-of-the-art visualization},
	volume = {98},
	journal = {Procedia Computer Science},
	author = {Shahzad, Farrukh and Sheltami, Tarek R and Shakshuki, Elhadi M and Shaikh, Omar},
	year = {2016},
	note = {Publisher: Elsevier},
	pages = {100--106}
}
